<record><leader>00000cas a22000007a 4500</leader><controlfield tag="001">31145907</controlfield><controlfield tag="008">940920d19471954nyuwr ne      0    0eng d</controlfield><datafield ind1=" " ind2=" " tag="010"><subfield code="a">sn 94057929 </subfield></datafield><datafield ind1=" " ind2=" " tag="040"><subfield code="a">NYS</subfield><subfield code="b">eng</subfield><subfield code="c">NYS</subfield><subfield code="d">OCLCQ</subfield></datafield><datafield ind1=" " ind2=" " tag="042"><subfield code="a">msc</subfield></datafield><datafield ind1="0" ind2=" " tag="130"><subfield code="a">Star (Wilson, N.Y. : 1947)</subfield></datafield><datafield ind1="1" ind2="0" tag="245"><subfield code="a">Star.</subfield></datafield><datafield ind1=" " ind2=" " tag="260"><subfield code="a">Wilson, N.Y. :</subfield><subfield code="b">Robert Wark</subfield></datafield><datafield ind1=" " ind2=" " tag="300"><subfield code="a">v.</subfield></datafield><datafield ind1=" " ind2=" " tag="310"><subfield code="a">Weekly</subfield></datafield><datafield ind1="0" ind2=" " tag="362"><subfield code="a">Vol. 69, no. 12 (Mar. 21, 1947)-v. 76, no. 32 (Aug 26, 1954).</subfield></datafield><datafield ind1=" " ind2=" " tag="500"><subfield code="a">"Western New York's Favorite Weekly."</subfield></datafield><datafield ind1=" " ind2=" " tag="500"><subfield code="a">"Serving the Wilson, Newfane, Ransomville, Burt and Olcott areas."</subfield></datafield><datafield ind1=" " ind2="4" tag="651"><subfield code="a">Wilson (N.Y.)</subfield><subfield code="v">Newspapers.</subfield></datafield><datafield ind1=" " ind2="4" tag="651"><subfield code="a">Newfane (N.Y.)</subfield><subfield code="v">Newspapers.</subfield></datafield><datafield ind1=" " ind2="4" tag="651"><subfield code="a">Ransomville (N.Y.)</subfield><subfield code="v">Newspapers.</subfield></datafield><datafield ind1=" " ind2="4" tag="651"><subfield code="a">Burt (N.Y.)</subfield><subfield code="v">Newspapers.</subfield></datafield><datafield ind1=" " ind2="4" tag="651"><subfield code="a">Olcott (N.Y.)</subfield><subfield code="v">Newspapers.</subfield></datafield><datafield ind1=" " ind2="4" tag="651"><subfield code="a">Niagara County (N.Y.)</subfield><subfield code="v">Newspapers.</subfield></datafield><datafield ind1=" " ind2=" " tag="752"><subfield code="a">United States</subfield><subfield code="b">New York</subfield><subfield code="c">Niagara</subfield><subfield code="d">Wilson.</subfield></datafield><datafield ind1="0" ind2="0" tag="780"><subfield code="t">Wilson star</subfield><subfield code="w">(DLC)sn 94057597</subfield></datafield><datafield ind1="0" ind2="0" tag="785"><subfield code="t">Frontier star</subfield><subfield code="w">(DLC)sn 94057598</subfield></datafield><datafield ind1="1" ind2=" " tag="029"><subfield code="a">AU@</subfield><subfield code="b">000011309914</subfield></datafield></record>